% Encoding: UTF-8

@Book{sakurai2013mecanica,
	title         = {Mec{\^a}nica qu{\^a}ntica moderna},
	publisher     = {Bookman},
	year          = {2013},
	author        = {Sakurai, J.J. and Napolitano, J. and Dahmen, S.R.},
	isbn          = {9788565837095},
	__markedentry = {[Eliton:6]},
	url           = {https://books.google.com.br/books?id=vcI4kgEACAAJ},
}

@Book{breuer2002theory,
	title     = {The theory of open quantum systems},
	publisher = {Oxford University Press on Demand},
	year      = {2002},
	author    = {Breuer, Heinz-Peter and Petruccione, Francesco and others},
	url       = {https://books.google.com.br/books?id=0Yx5VzaMYm8C&lpg=PA8&ots=RT3oI8mH2E&dq=the%20theory%20of%20open%20quantum%20systems%20breuer&lr&hl=pt-BR&pg=PA64#v=onepage&q=the%20theory%20of%20open%20quantum%20systems%20breuer&f=false},
}

@Book{RobertField,
	title     = {5.74 Introductory Quantum Mechanics II},
	publisher = {Massachusetts Institute of Technology: MIT OpenCourseWare},
	year      = {Spring 2004},
	author    = {Robert Field and Andrei Tokmakoff},
	url       = { https://ocw.mit.edu},
}

@Book{jackson1998classical,
	title     = {Classical Eletrodynamics, third edition},
	publisher = {Jhon Wiley},
	year      = {1998},
	author    = {Jackson, J.D.},
	isbn      = {9788126510948},
	lccn      = {97046873},
	url       = {https://books.google.com.br/books?id=2hZ0CgAAQBAJ},
}

@Book{allen1987optical,
	title     = {Optical Resonance and Two-level Atoms},
	publisher = {Dover},
	year      = {1987},
	author    = {Allen, L. and Eberly, J.H.},
	series    = {Dover books on physics and chemistry},
	isbn      = {9780486655338},
	lccn      = {87019985},
	url       = {https://books.google.com.br/books?id=1q0ae-XNmWwC},
}

@Book{diels2006ultrashort,
	title     = {Ultrashort Laser Pulse Phenomena},
	publisher = {Elsevier Science},
	year      = {2006},
	author    = {Diels, J.C. and Rudolph, W. and Liao, P.F. and Kelley, P.},
	series    = {Electronics \& Electrical},
	isbn      = {9780122154935},
	lccn      = {2007279739},
	url       = {https://books.google.com.br/books?id=Nib8PrKIjDQC},
}

@Book{griffiths2011elet,
	title     = {Eletrodin{\^a}mica},
	publisher = {Pearson Addison Wesley},
	year      = {2011},
	author    = {Griffiths, D.J.},
	isbn      = {9788576058861},
	url       = {https://books.google.com.br/books?id=4q9BYgEACAAJ},
}

@Article{boyd2008nonlinear,
	author    = {Boyd, Robert W},
	title     = {The nonlinear optical susceptibility},
	journal   = {Nonlinear optics},
	year      = {2008},
	volume    = {3},
	pages     = {1--67},
	publisher = {Elsevier},
}

@book{scullyquantum,
	title={Quantum Optics},
	author={Scully, M.O. and Zubairy, M.S.},
	isbn={9780521435956},
	lccn={94042949},
	url={https://books.google.de/books?id=20ISsQCKKmQC},
	year={1997},
	publisher={Cambridge University Press}
}

@book{meystre2007elements,
	title={Elements of Quantum Optics},
	author={Meystre, P. and Sargent, M.},
	isbn={9783540742111},
	lccn={2007933854},
	series={SpringerLink: Springer e-Books},
	url={https://books.google.com.br/books?id=81GSjqCIIFAC},
	year={2007},
	publisher={Springer Berlin Heidelberg}
}

@book{taylor2013mecanica,
	title={Mec{\^a}nica Cl{\'a}ssica},
	author={Taylor, J.R.},
	isbn={9788582600887},
	url={https://books.google.com.br/books?id=A6Y5AgAAQBAJ},
	year={2013},
	publisher={Bookman Editora}
}
@book{cohen2019quantum,
	title={Quantum Mechanics, Volume 1: Basic Concepts, Tools, and Applications},
	author={Cohen-Tannoudji, C. and Diu, B. and Lalo{\"e}, F.},
	isbn={9783527345533},
	url={https://books.google.com.br/books?id=o6yftQEACAAJ},
	year={2019},
	publisher={Wiley}
}

@book{atkinson1989,
	title={An Introduction to Numerical Analysis},
	author={Atkinson, K.},
	isbn={9780471624899},
	lccn={88000718},
	url={https://books.google.com.br/books?id=cMLsbz0X6oIC},
	year={1989},
	publisher={Wiley}
}

@misc{steck2001rubidium,
  title={Rubidium 87 D line data},
  author={Steck, Daniel A},
  year={2001}
}

@article{gl1971analytical,
	title={Analytical descriptions of ultrashort optical pulse propagation in a resonant medium},
	author={GL LAMB, JR},
	journal={Reviews of Modern Physics},
	volume={43},
	number={2},
	pages={99},
	year={1971},
	publisher={APS}
}

@book{foot2005atomic,
	title={Atomic Physics},
	author={Foot, C.J. and Foot, D.P.C.J. and Foot, C.J.F.},
	isbn={9780198506966},
	lccn={05295406},
	series={Oxford Master Series in Physics},
	url={https://books.google.com.br/books?id=kXYpAQAAMAAJ},
	year={2005},
	publisher={OUP Oxford}
}

@article{crisp1970propagation,
	title={Propagation of small-area pulses of coherent light through a resonant medium},
	author={Crisp, MD},
	journal={Physical Review A},
	volume={1},
	number={6},
	pages={1604},
	year={1970},
	publisher={APS}
}



@Comment{jabref-meta: databaseType:bibtex;}

